<?xml version="1.0" encoding="UTF-8"?><collection xmlns="http://www.loc.gov/MARC21/slim"><record><leader>00534nam--2200181-i-4500</leader><controlfield tag="001">000044479</controlfield><controlfield tag="002">20161230</controlfield><controlfield tag="005">20161230201044</controlfield><controlfield tag="008">060222s1000------------r-----000-0-eng-d</controlfield><datafield ind1=" " ind2=" " tag="040"><subfield code="a">IFIN-HH</subfield></datafield><datafield ind1=" " ind2=" " tag="080"><subfield code="a">519+517.512.2+512.831:548</subfield></datafield><datafield ind1="1" ind2=" " tag="100"><subfield code="a">Terpstra, P</subfield></datafield><datafield ind1="1" ind2="0" tag="245"><subfield code="a">Introduction to the space groups</subfield><subfield code="c">T. terpstra</subfield></datafield><datafield ind1=" " ind2=" " tag="260"><subfield code="a">Groningen</subfield><subfield code="b">J.B. Wolters</subfield><subfield code="c">1955</subfield></datafield><datafield ind1=" " ind2=" " tag="300"><subfield code="a">160P</subfield></datafield><datafield ind1=" " ind2=" " tag="490"><subfield code="a">Publication From The Crystallographic Institute Of The University Of Groningen</subfield></datafield><datafield ind1=" " ind2=" " tag="852"><subfield code="a">12596</subfield><subfield code="c">519.4</subfield></datafield><datafield ind1=" " ind2=" " tag="CAT"><subfield code="a">Sys</subfield><subfield code="c">20130809</subfield><subfield code="h">123116</subfield></datafield></record></collection>